@article{zhu2005semi-supervised,
	author = {Zhu, Xiaojin},
	publisher = {Citeseer},
	title = {{Semi-supervised learning literature survey}},
	year = {2005}
}

@article{friedman1937use,
	author = {Friedman, Milton},
	journal = {Journal of the american statistical association},
	number = {200},
	pages = {675--701},
	publisher = {Taylor \& Francis},
	title = {The use of ranks to avoid the assumption of normality implicit in the analysis of variance},
	volume = {32},
	year = {1937}
}

@article{cleveland1979robust,
	author = {Cleveland, William S},
	journal = {Journal of the American statistical association},
	number = {368},
	pages = {829--836},
	publisher = {Taylor \& Francis Group},
	title = {{Robust locally weighted regression and smoothing scatterplots}},
	volume = {74},
	year = {1979}
}

@article{novak2010graph-based,
	author = {Nov{\'a}k, Petr and Neumann, Pavel and Macas, Ji{\v r}\'{\i}},
	journal = {BMC bioinformatics},
	number = {1},
	pages = {378},
	publisher = {BioMed Central},
	title = {Graph-based clustering and characterization of repetitive sequences in next-generation sequencing data},
	volume = {11},
	year = {2010}
}

@article{enright2001biolayout-an,
	author = {Enright, Anton J and Ouzounis, Christos A},
	journal = {Bioinformatics},
	number = {9},
	pages = {853--854},
	publisher = {Oxford University Press},
	title = {BioLayout---an automatic graph layout algorithm for similarity visualization},
	volume = {17},
	year = {2001}
}

@article{wu2011mirpara,
	author = {Wu, Yonggan and Wei, Bo and Liu, Haizhou and Li, Tianxian and Rayner, Simon},
	journal = {BMC bioinformatics},
	number = {1},
	pages = {107},
	publisher = {BioMed Central},
	title = {MiRPara: a SVM-based software tool for prediction of most probable microRNA coding regions in genome scale sequences},
	volume = {12},
	year = {2011}
}

@article{jha2012mirbag,
	author = {Jha, Ashwani and Chauhan, Rohit and Mehra, Mrigaya and Singh, Heikham Russiachand and Shankar, Ravi},
	journal = {PLoS One},
	number = {9},
	pages = {e45782},
	publisher = {Public Library of Science},
	title = {miR-BAG: bagging based identification of microRNA precursors},
	volume = {7},
	year = {2012}
}

@inproceedings{nemenyi1962distribution,
	author = {Nemenyi, Peter},
	booktitle = {Biometrics},
	organization = {INTERNATIONAL BIOMETRIC SOC 1441 I ST, NW, SUITE 700, WASHINGTON, DC 20005-2210},
	pages = {263},
	title = {Distribution-free multiple comparisons},
	volume = {18},
	year = {1962}
}

@article{malkov2014approximate,
	author = {Malkov, Yury and Ponomarenko, Alexander and Logvinov, Andrey and Krylov, Vladimir},
	journal = {Information Systems},
	pages = {61--68},
	publisher = {Elsevier},
	title = {Approximate nearest neighbor algorithm based on navigable small world graphs},
	volume = {45},
	year = {2014}
}

@article{xue2005classification,
	author = {Xue, Chenghai and Li, Fei and He, Tao and Liu, Guo-Ping and Li, Yanda and Zhang, Xuegong},
	journal = {BMC bioinformatics},
	number = {1},
	pages = {310},
	publisher = {BioMed Central},
	title = {Classification of real and pseudo microRNA precursors using local structure-sequence features and support vector machine},
	volume = {6},
	year = {2005}
}

@article{xuan2011plantmirnapred,
	author = {Xuan, Ping and Guo, Maozu and Liu, Xiaoyan and Huang, Yangchao and Li, Wenbin and Huang, Yufei},
	journal = {Bioinformatics},
	number = {10},
	pages = {1368--1376},
	publisher = {Oxford Univ Press},
	title = {PlantMiRNAPred: efficient classification of real and pseudo plant pre-miRNAs},
	volume = {27},
	year = {2011}
}

@article{peace2015framework,
	author = {Peace, Robert J and Biggar, Kyle K and Storey, Kenneth B and Green, James R},
	journal = {Nucleic acids research},
	pages = {gkv698},
	publisher = {Oxford Univ Press},
	title = {{A framework for improving microRNA prediction in non-human genomes}},
	year = {2015}
}

@article{tempel2015mirboost,
	author = {Tempel, Sebastien and Zerath, Benjamin and Zehraoui, Farida and Tahi, Fariza and others},
	journal = {RNA},
	number = {5},
	pages = {775--785},
	publisher = {Cold Spring Harbor Lab},
	title = {{miRBoost: boosting support vector machines for microRNA precursor classification}},
	volume = {21},
	year = {2015}
}

@article{wei2014improved,
	author = {Wei, Leyi and Liao, Minghong and Gao, Yue and Ji, Rongrong and He, Zengyou and Zou, Quan},
	journal = {Computational Biology and Bioinformatics, IEEE/ACM Transactions on},
	number = {1},
	pages = {192--201},
	publisher = {IEEE},
	title = {{Improved and promising identification of human microRNAs by incorporating a high-quality negative set}},
	volume = {11},
	year = {2014}
}

@article{lopes2016automatic,
	author = {Lopes, Ivani de ON and Alexander, Schliep and de LF de Carvalho Andr{\'e}, P},
	doi = {10.1186/s12859-016-1036-3; 10.1186/s12859-016-1036-3},
	issn = {1471-2105},
	journal = {BMC Bioinformatics},
	number = {1},
	pages = {224},
	title = {{Automatic learning of pre-miRNAs from different species}},
	volume = {17},
	year = {2016}
}

@article{silva2012network-based,
	author = {Silva, Thiago Christiano and Zhao, Liang},
	journal = {Neural Networks and Learning Systems, IEEE Transactions on},
	number = {3},
	pages = {451--466},
	publisher = {IEEE},
	title = {{Network-based stochastic semisupervised learning}},
	volume = {23},
	year = {2012}
}

@article{mraz2009micrornas,
	author = {Mraz, Marek and Mraz, Marek and Pospisilova, Sarka and Malinova, Karla and Slapak, Ivo and Mayer, Jiri},
	journal = {Leukemia \& lymphoma},
	number = {3},
	pages = {506--509},
	publisher = {Informa UK Ltd UK},
	title = {{MicroRNAs in chronic lymphocytic leukemia pathogenesis and disease subtypes}},
	volume = {50},
	year = {2009}
}

@article{thum2007micrornas,
	author = {Thum, Thomas and Galuppo, Paolo and Wolf, Christian and Fiedler, Jan and Kneitz, Susanne and van Laake, Linda W and Doevendans, Pieter A and Mummery, Christine L and Borlak, J{\"u}rgen and Haverich, Axel and others},
	journal = {Circulation},
	number = {3},
	pages = {258--267},
	publisher = {Am Heart Assoc},
	title = {{MicroRNAs in the human heart a clue to fetal gene reprogramming in heart failure}},
	volume = {116},
	year = {2007}
}

@article{ng2007novo,
	author = {Ng, Kwang Loong Stanley and Mishra, Santosh K},
	journal = {Bioinformatics},
	number = {11},
	pages = {1321--1330},
	publisher = {Oxford Univ Press},
	title = {{De novo {SVM} classification of precursor microRNAs from genomic pseudo hairpins using global and intrinsic folding measures}},
	volume = {23},
	year = {2007}
}

@article{yones2015mirnafe,
	author = {Yones, Cristian A and Stegmayer, Georgina and Kamenetzky, Laura and Milone, Diego H},
	journal = {Biosystems},
	pages = {1--5},
	publisher = {Elsevier},
	title = {{miRNAfe: a comprehensive tool for feature extraction in microRNA prediction}},
	volume = {138},
	year = {2015}
}

@article{vanrooij2011,
	author = {van Rooij, Eva},
	journal = {Circulation research},
	number = {2},
	pages = {219--234},
	publisher = {Am Heart Assoc},
	title = {{The art of microRNA research}},
	volume = {108},
	year = {2011}
}

@article{shi2000normalized,
	author = {Shi, Jianbo and Malik, Jitendra},
	journal = {IEEE Transactions on pattern analysis and machine intelligence},
	number = {8},
	pages = {888--905},
	publisher = {IEEE},
	title = {{Normalized cuts and image segmentation}},
	volume = {22},
	year = {2000}
}

@inproceedings{joachims2003transductive,
	author = {Joachims, Thorsten and others},
	booktitle = {{ICML}},
	pages = {290--297},
	title = {{Transductive learning via spectral graph partitioning}},
	volume = {3},
	year = {2003}
}

@article{lennox2011chemical,
	author = {Lennox, KA and Behlke, MA},
	journal = {Gene therapy},
	number = {12},
	pages = {1111--1120},
	publisher = {Nature Publishing Group},
	title = {{Chemical modification and design of anti-miRNA oligonucleotides}},
	volume = {18},
	year = {2011}
}

@article{an2013mirdeep,
	author = {An, Jiyuan and Lai, John and Lehman, Melanie L and Nelson, Colleen C},
	journal = {Nucleic acids research},
	number = {2},
	pages = {727--737},
	publisher = {Oxford Univ Press},
	title = {{miRDeep*: an integrated application tool for miRNA identification from RNA sequencing data}},
	volume = {41},
	year = {2013}
}

@inproceedings{domingos1999metacost,
	author = {Domingos, Pedro},
	booktitle = {{Proceedings of the fifth ACM SIGKDD international conference on Knowledge discovery and data mining}},
	organization = {ACM},
	pages = {155--164},
	title = {{Metacost: A general method for making classifiers cost-sensitive}},
	year = {1999}
}

@article{mease2007boosted,
	author = {Mease, David and Wyner, Abraham J and Buja, Andreas},
	journal = {The Journal of Machine Learning Research},
	pages = {409--439},
	publisher = {JMLR. org},
	title = {{Boosted classification trees and class probability/quantile estimation}},
	volume = {8},
	year = {2007}
}

@article{ding2010mirensvm,
	author = {Ding, Jiandong and Zhou, Shuigeng and Guan, Jihong},
	journal = {BMC bioinformatics},
	number = {Suppl 11},
	pages = {S11},
	publisher = {BioMed Central Ltd},
	title = {{MiRenSVM: towards better prediction of microRNA precursors using an ensemble SVM classifier with multi-loop features}},
	volume = {11},
	year = {2010}
}

@article{mendes2009current,
	author = {Mendes, ND and Freitas, Ana T and Sagot, M-F},
	journal = {Nucleic acids research},
	number = {8},
	pages = {2419--2433},
	publisher = {Oxford Univ Press},
	title = {{Current tools for the identification of miRNA genes and their targets}},
	volume = {37},
	year = {2009}
}

@inproceedings{kononenko1994estimating,
	author = {Kononenko, Igor},
	booktitle = {{Machine Learning: ECML-94}},
	organization = {Springer},
	pages = {171--182},
	title = {{Estimating attributes: analysis and extensions of RELIEF}},
	year = {1994}
}

@article{wettschereck1997review,
	author = {Wettschereck, Dietrich and Aha, David W and Mohri, Takao},
	journal = {Artificial Intelligence Review},
	number = {1-5},
	pages = {273--314},
	publisher = {Springer},
	title = {{A review and empirical evaluation of feature weighting methods for a class of lazy learning algorithms}},
	volume = {11},
	year = {1997}
}

@article{kleftogiannis2013where,
	author = {Kleftogiannis, Dimitrios and Korfiati, Aigli and Theofilatos, Konstantinos and Likothanassis, Spiros and Tsakalidis, Athanasios and Mavroudi, Seferina},
	journal = {Journal of biomedical informatics},
	number = {3},
	pages = {563--573},
	publisher = {Elsevier},
	title = {{Where we stand, where we are moving: surveying computational techniques for identifying miRNA genes and uncovering their regulatory role}},
	volume = {46},
	year = {2013}
}

@article{jiang2007mipred,
	author = {Jiang, Peng and Wu, Haonan and Wang, Wenkai and Ma, Wei and Sun, Xiao and Lu, Zuhong},
	journal = {Nucleic acids research},
	number = {suppl 2},
	pages = {W339--W344},
	publisher = {Oxford Univ Press},
	title = {{MiPred: classification of real and pseudo microRNA precursors using random forest prediction model with combined features}},
	volume = {35},
	year = {2007}
}

@article{batuwita2009micropred,
	author = {Batuwita, Rukshan and Palade, Vasile},
	journal = {Bioinformatics},
	number = {8},
	pages = {989--995},
	publisher = {Oxford Univ Press},
	title = {{micro{P}red: effective classification of pre-miRNAs for human miRNA gene prediction}},
	volume = {25},
	year = {2009}
}

@article{gudys2013huntmi,
	author = {Gudy{\'s}, Adam and Szcze{\'s}niak, Micha{\l} W and Sikora, Marek and Maka{\l}owska, Izabela},
	journal = {BMC bioinformatics},
	number = {1},
	pages = {83},
	publisher = {BioMed Central Ltd},
	title = {{HuntMi: an efficient and taxon-specific approach in pre-miRNA identification}},
	volume = {14},
	year = {2013}
}

@article{zhou2013microrna-mediated,
	author = {Zhou, Man and Luo, Hong},
	journal = {Plant molecular biology},
	number = {1-2},
	pages = {59--75},
	publisher = {Springer},
	title = {{MicroRNA-mediated gene regulation: potential applications for plant genetic engineering}},
	volume = {83},
	year = {2013}
}

@article{kumar2014role,
	author = {Kumar, Rajesh},
	journal = {Applied biochemistry and biotechnology},
	number = {1},
	pages = {93--115},
	publisher = {Springer},
	title = {{Role of microRNAs in biotic and abiotic stress responses in crop plants}},
	volume = {174},
	year = {2014}
}

@article{kelly2010attenuation,
	author = {Kelly, Elizabeth J and Nace, Rebecca and Barber, Glen N and Russell, Stephen J},
	journal = {Journal of virology},
	number = {3},
	pages = {1550--1562},
	publisher = {Am Soc Microbiol},
	title = {{Attenuation of vesicular stomatitis virus encephalitis through microRNA targeting}},
	volume = {84},
	year = {2010}
}

@article{kelly2010microrna,
	author = {Kelly, Elizabeth J and Hadac, Elizabeth M and Cullen, Bryan R and Russell, Stephen J},
	journal = {PLoS pathogens},
	number = {3},
	pages = {e1000820},
	publisher = {Public Library of Science},
	title = {{MicroRNA antagonism of the picornaviral life cycle: alternative mechanisms of interference}},
	volume = {6},
	year = {2010}
}

@article{lim2003,
	author = {Lim, Lee P and Lau, Nelson C and Weinstein, Earl G and Abdelhakim, Aliaa and Yekta, Soraya and Rhoades, Matthew W and Burge, Christopher B and Bartel, David P},
	journal = {Genes \& development},
	number = {8},
	pages = {991--1008},
	publisher = {Cold Spring Harbor Lab},
	title = {{The microRNAs of Caenorhabditis elegans}},
	volume = {17},
	year = {2003}
}

@article{rodriguez2004identification,
	author = {Rodriguez, Antony and Griffiths-Jones, Sam and Ashurst, Jennifer L and Bradley, Allan},
	journal = {Genome research},
	number = {10a},
	pages = {1902--1910},
	publisher = {Cold Spring Harbor Lab},
	title = {{Identification of mammalian microRNA host genes and transcription units}},
	volume = {14},
	year = {2004}
}

@inproceedings{wenyuan2013training,
	author = {Wenyuan, Liu and Jing, Ma and Changwu, Wang and Baowen, Wang and Yongqiang, Li},
	booktitle = {{Intelligent System Design and Engineering Applications (ISDEA), 2013 Third International Conference on}},
	organization = {IEEE},
	pages = {1566--1569},
	title = {{The training set selection methods of microRNA precursors prediction based on machine learning approaches}},
	year = {2013}
}

@article{demsar2006statistical,
	author = {Dem{\v s}ar, Janez},
	journal = {Journal of Machine learning research},
	number = {Jan},
	pages = {1--30},
	title = {{Statistical comparisons of classifiers over multiple data sets}},
	volume = {7},
	year = {2006}
}

@article{lorenz2011viennarna,
	author = {Lorenz, Ronny and Bernhart, Stephan H and {Zu Siederdissen}, Christian Hoener and Tafer, Hakim and Flamm, Christoph and Stadler, Peter F and Hofacker, Ivo L},
	journal = {Algorithms for Molecular Biology},
	number = {1},
	pages = {1},
	publisher = {BioMed Central},
	title = {{ViennaRNA Package 2.0}},
	volume = {6},
	year = {2011}
}

@book{chapelle2006semi,
	author = {Chapelle, O. and Sch{\"o}lkopf, B. and Zien, A.},
	isbn = {9780262033589},
	lccn = {2011288034},
	publisher = {MIT Press},
	series = {{Adaptive computation and machine learning}},
	title = {{Semi-supervised Learning}},
	url = {https://books.google.com.ar/books?id=kfqvQgAACAAJ},
	year = {2006}
}

@article{lopes2014,
	author = {Lopes, Ivani de ON and Schliep, Alexander and de Carvalho, Andr{\'e} CP de LF},
	doi = {10.1186/1471-2105-15-124; 10.1186/1471-2105-15-124},
	issn = {1471--2105},
	journal = {BMC Bioinformatics},
	number = {1},
	pages = {124},
	publisher = {BioMed Central Ltd},
	title = {{The discriminant power of RNA features for pre-miRNA recognition}},
	volume = {15},
	year = {2014}
}

@article{gander1989contrained,
	author = {Gander, Walter and Golub, Gene H and von Matt, Urs},
	journal = {Linear Algebra and its applications},
	pages = {815--839},
	publisher = {Elsevier},
	title = {{A constrained eigenvalue problem}},
	volume = {114},
	year = {1989}
}

@article{xu2008microrna,
	author = {Xu, Yunpen and Zhou, Xuefeng and Zhang, Weixiong},
	journal = {Bioinformatics},
	number = {13},
	pages = {i50--i58},
	publisher = {Oxford Univ Press},
	title = {{MicroRNA prediction with a novel ranking algorithm based on random walks}},
	volume = {24},
	year = {2008}
}

@article{letzen2010microrna,
	author = {Letzen, Brian S and Liu, Cyndi and Thakor, Nitish V and Gearhart, John D and All, Angelo H and Kerr, Candace L},
	journal = {PloS one},
	number = {5},
	pages = {e10480},
	publisher = {Public Library of Science},
	title = {{MicroRNA expression profiling of oligodendrocyte differentiation from human embryonic stem cells}},
	volume = {5},
	year = {2010}
}

@article{esquela-kerscher2006oncomirs-micrornas,
	author = {Esquela-Kerscher, Aurora and Slack, Frank J},
	journal = {Nature Reviews Cancer},
	number = {4},
	pages = {259--269},
	publisher = {Nature Publishing Group},
	title = {{Oncomirs---microRNAs with a role in cancer}},
	volume = {6},
	year = {2006}
}

@article{cho2010micrornas,
	author = {Cho, William CS},
	journal = {Biochimica et Biophysica Acta (BBA)-Reviews on Cancer},
	number = {2},
	pages = {209--217},
	publisher = {Elsevier},
	title = {{MicroRNAs in cancer---from research to therapy}},
	volume = {1805},
	year = {2010}
}

@article{burklew2012effects,
	author = {Burklew, Caitlin E and Ashlock, Jordan and Winfrey, William B and Zhang, Baohong},
	journal = {PloS one},
	number = {5},
	pages = {e34783},
	publisher = {Public Library of Science},
	title = {{Effects of aluminum oxide nanoparticles on the growth, development, and microRNA expression of tobacco (Nicotiana tabacum)}},
	volume = {7},
	year = {2012}
}

@article{dai2008markov,
	author = {Dai, Qi and Yang, Yanchun and Wang, Tianming},
	journal = {Bioinformatics},
	number = {20},
	pages = {2296--2302},
	publisher = {Oxford Univ Press},
	title = {{Markov model plus k-word distributions: a synergy that produces novel statistical measures for sequence comparison}},
	volume = {24},
	year = {2008}
}

@article{mcgill1978variations,
	author = {McGill, Robert and Tukey, John W and Larsen, Wayne A},
	journal = {The American Statistician},
	number = {1},
	pages = {12--16},
	publisher = {Taylor \& Francis Group},
	title = {{Variations of box plots}},
	volume = {32},
	year = {1978}
}

@article{bradley1997use,
	author = {Bradley, Andrew P},
	journal = {Pattern recognition},
	number = {7},
	pages = {1145--1159},
	publisher = {Elsevier},
	title = {{The use of the area under the ROC curve in the evaluation of machine learning algorithms}},
	volume = {30},
	year = {1997}
}

@article{camacho2009blast+,
	author = {Camacho, Christiam and Coulouris, George and Avagyan, Vahram and Ma, Ning and Papadopoulos, Jason and Bealer, Kevin and Madden, Thomas L},
	journal = {BMC bioinformatics},
	number = {1},
	pages = {1},
	publisher = {BioMed Central},
	title = {{BLAST+: architecture and applications}},
	volume = {10},
	year = {2009}
}

@article{terai2007mirrim,
	author = {Terai, Goro and Komori, Takashi and Asai, Kiyoshi and Kin, Taishin},
	journal = {Rna},
	number = {12},
	pages = {2081--2090},
	publisher = {Cold Spring Harbor Lab},
	title = {{miRRim: a novel system to find conserved miRNAs with high sensitivity and specificity}},
	volume = {13},
	year = {2007}
}

@article{kadri2009hhmmir,
	author = {Kadri, Sabah and Hinman, Veronica and Benos, Panayiotis V},
	journal = {BMC bioinformatics},
	number = {1},
	pages = {S35},
	publisher = {BioMed Central},
	title = {HHMMiR: efficient de novo prediction of microRNAs using hierarchical hidden Markov models},
	volume = {10},
	year = {2009}
}

@article{liu2012integrated,
	author = {Liu, Xiuqin and He, Shunmin and Skogerb{\o}, Geir and Gong, Fuzhou and Chen, Runsheng},
	journal = {PloS one},
	number = {3},
	pages = {e32797},
	publisher = {Public Library of Science},
	title = {Integrated sequence-structure motifs suffice to identify microRNA precursors},
	volume = {7},
	year = {2012}
}

@article{lai2003computational,
	author = {Lai, Eric C and Tomancak, Pavel and Williams, Robert W and Rubin, Gerald M},
	journal = {Genome biology},
	number = {7},
	pages = {R42},
	publisher = {BioMed Central},
	title = {Computational identification of Drosophila microRNA genes},
	volume = {4},
	year = {2003}
}

@article{bentwich2005identification,
	author = {Bentwich, Isaac and Avniel, Amir and Karov, Yael and Aharonov, Ranit and Gilad, Shlomit and Barad, Omer and Barzilai, Adi and Einat, Paz and Einav, Uri and Meiri, Eti and others},
	journal = {Nature genetics},
	number = {7},
	pages = {766--770},
	publisher = {Nature Publishing Group},
	title = {Identification of hundreds of conserved and nonconserved human microRNAs},
	volume = {37},
	year = {2005}
}

@article{adai2005computational,
	author = {Adai, Alex and Johnson, Cameron and Mlotshwa, Sizolwenkosi and Archer-Evans, Sarah and Manocha, Varun and Vance, Vicki and Sundaresan, Venkatesan},
	journal = {Genome research},
	number = {1},
	pages = {78--91},
	publisher = {Cold Spring Harbor Lab},
	title = {Computational prediction of miRNAs in Arabidopsis thaliana},
	volume = {15},
	year = {2005}
}

@article{huang2007mirfinder,
	author = {Huang, Ting-Hua and Fan, Bin and Rothschild, Max F and Hu, Zhi-Liang and Li, Kui and Zhao, Shu-Hong},
	journal = {BMC bioinformatics},
	number = {1},
	pages = {341},
	publisher = {BioMed Central},
	title = {MiRFinder: an improved approach and software implementation for genome-wide fast microRNA precursor scans},
	volume = {8},
	year = {2007}
}

@article{billoud2014computational,
	author = {Billoud, Bernard and Nehr, Zofia and {Le Bail}, Aude and Charrier, B{\'e}n{\'e}dicte},
	journal = {Nucleic acids research},
	number = {1},
	pages = {417--429},
	publisher = {Oxford Univ Press},
	title = {Computational prediction and experimental validation of microRNAs in the brown alga Ectocarpus siliculosus},
	volume = {42},
	year = {2014}
}

@article{yu2015microrna,
	author = {Yu, T and Li, J and Yan, M and Liu, L and Lin, H and Zhao, F and Sun, L and Zhang, Y and Cui, Y and Zhang, F and others},
	journal = {Oncogene},
	number = {4},
	pages = {413},
	publisher = {Nature Publishing Group},
	title = {MicroRNA-193a-3p and-5p suppress the metastasis of human non-small-cell lung cancer by downregulating the ERBB4/PIK3R3/mTOR/S6K2 signaling pathway},
	volume = {34},
	year = {2015}
}

@article{liu2010new,
	author = {Liu, Qing and Chen, Yue-Qin},
	journal = {Biotechnology advances},
	number = {3},
	pages = {301--307},
	publisher = {Elsevier},
	title = {A new mechanism in plant engineering: the potential roles of microRNAs in molecular breeding for crop improvement},
	volume = {28},
	year = {2010}
}

@article{tsetsarkin2017synergistic,
	author = {Tsetsarkin, Konstantin A and Liu, Guangping and Volkova, Evgeniya and Pletnev, Alexander G},
	journal = {MBio},
	number = {2},
	pages = {e02326--16},
	publisher = {Am Soc Microbiol},
	title = {Synergistic internal ribosome entry site/microRNA-based approach for flavivirus attenuation and live vaccine development},
	volume = {8},
	year = {2017}
}

@article{lee1993,
	author = {Lee, Rosalind C and Feinbaum, Rhonda L and Ambros, Victor},
	journal = {cell},
	number = {5},
	pages = {843--854},
	publisher = {Elsevier},
	title = {The C. elegans heterochronic gene lin-4 encodes small RNAs with antisense complementarity to lin-14},
	volume = {75},
	year = {1993}
}

@article{zuker1981optimal,
	author = {Zuker, Michael and Stiegler, Patrick},
	journal = {Nucleic acids research},
	number = {1},
	pages = {133--148},
	publisher = {Oxford University Press},
	title = {Optimal computer folding of large RNA sequences using thermodynamics and auxiliary information},
	volume = {9},
	year = {1981}
}

@article{rosenzvit2013microrna,
	author = {Rosenzvit, M and Cucher, M and Kamenetzky, L and Macchiaroli, N and Prada, L and Camicia, F},
	journal = {Nova Science Publishers},
	pages = {65--92},
	title = {Micro{RNA}s in Endoparasites},
	year = {2013}
}

@article{lecellier2005,
	author = {Lecellier, CH and Dunoyer, P and Arar, K and Lehmann-Che, J and Eyquem, S and Himber, C and Saib, A and Voinnet, O},
	journal = {Science},
	pages = {557--560},
	title = {A cellular Micro{RNA} mediates antiviral defense in human cells},
	volume = {308},
	year = {2005}
}

@article{durbin1999einverted,
	author = {Durbin, R and Rice, P},
	journal = {European Bioinformatics Institute, Cambridge},
	title = {Einverted: finds DNA inverted repeats (EMBOSS)},
	year = {1999}
}

@inproceedings{guo2008class,
	author = {Guo, Xinjian and Yin, Yilong and Dong, Cailing and Yang, Gongping and Zhou, Guangtong},
	booktitle = {Natural Computation, 2008. ICNC'08. Fourth International Conference on},
	organization = {IEEE},
	pages = {192--201},
	title = {On the class imbalance problem},
	volume = {4},
	year = {2008}
}

@article{zhang2010characteristic,
	author = {Zhang, Xiaobai and Song, Xiaofeng and Wang, Huinan},
	journal = {Biosystems},
	number = {2},
	pages = {144--149},
	publisher = {Elsevier},
	title = {Characteristic comparison between two types of miRNA precursors in metazoan species},
	volume = {100},
	year = {2010}
}

@article{lamers2014hiv-associated,
	author = {Lamers, Susanna L and Fogel, Gary B and Nolan, David J and McGrath, Michael S and Salemi, Marco},
	journal = {Biosystems},
	pages = {53--61},
	publisher = {Elsevier},
	title = {HIV-associated neuropathogenesis: A systems biology perspective for modeling and therapy},
	volume = {119},
	year = {2014}
}

@article{li2010computational,
	author = {Li, L and Xu, J and Yang, D and Tan, X and Wang, H},
	journal = {Mamm Genome},
	pages = {1--12},
	title = {Computational approaches for micro{RNA} studies: a review},
	volume = {21(1)},
	year = {2010}
}

@article{jopling2005modulation,
	author = {Jopling, C and Yi, M and Lancaster, A and Lemon, S and Sarnow, P},
	journal = {Science},
	pages = {1577--1581},
	title = {Modulation of hepatitis C virus {RNA} abundance by a liver-specific Micro{RNA}},
	volume = {309(5740)},
	year = {2005}
}

@misc{michael2008nih,
	author = {Michael, H and Florence, H and Yuan, L and Gregory, D and Belinda, S},
	title = {{NIH} WORKING DEFINITION OF BIOINFORMATICS AND COMPUTATIONAL BIOLOGY},
	year = {2008}
}

@article{zuker2003mfold,
	author = {Zuker, M},
	journal = {Nucleic Acids Res.},
	pages = {3406--3415},
	title = {Mfold web server for nucleic acid folding and hybridization prediction},
	volume = {31},
	year = {2003}
}

@article{hofacker2003vienna,
	author = {Hofacker, IL},
	journal = {Nucleic Acids Res.},
	pages = {3429--3431},
	title = {Vienna {RNA} secondary structure server},
	volume = {31},
	year = {2003}
}

@article{sewer2005identification,
	author = {Sewer, A and Paul, N and Landgraf, P and Aravin, A and Pfeffer, S and Brownstein, MJ and Tuschl, T and van Nimwegen, E and Zavolan, M},
	journal = {BMC Bioinformatics},
	pages = {267},
	title = {Identification of clustered micro{RNA}s using an ab initio prediction method},
	volume = {6},
	year = {2005}
}

@article{hertel2006hairpins,
	author = {Hertel, J and Stadler, PF},
	journal = {Bioinformatics},
	pages = {e197--e202},
	title = {Hairpins in a Haystack: recognizing micro{RNA} precursors in comparative genomics data},
	volume = {22 (14)},
	year = {2006}
}

@article{bonnet2004evidence,
	author = {Bonnet, E and Wuyts, J and Rouz{\'e}, P and {Van de Peer}, Y},
	journal = {Bioinformatics},
	pages = {2911--2917},
	title = {Evidence that micro{RNA} precursors, unlike other non-coding {RNA}s, have lower folding free energies than random sequences},
	volume = {20 (17)},
	year = {2004}
}

@article{yousef2006combining,
	author = {Yousef, M and Nebozhyn, M and Shatkay, H and Kanterakis, S and Showe, LC and Showe, MK},
	journal = {Bioinformatics},
	pages = {1325--1334},
	title = {Combining multi-species genomic data for micro{RNA} identification using a Naive Bayes classifier},
	volume = {22 (11)},
	year = {2006}
}

@article{mccaskill1990,
	author = {McCaskill, JS},
	journal = {Biopolymers},
	pages = {1105--1119},
	title = {The equilibrium partition function and base pair binding probabilities for {RNA} secondary structure},
	volume = {29},
	year = {1990}
}

@article{wuchty1999complete,
	author = {Wuchty, S and Fontana, W and Hofacker, IL and Schuster, P},
	journal = {Biopolymers},
	pages = {145--65},
	title = {Complete suboptimal folding of {RNA} and the stability of secondary structures},
	volume = {49(2)},
	year = {1999}
}

@article{zhang2006evidence,
	author = {Zhang, BH and Pan, XP and Cox, SB and Cobb, GP and Anderson, TA},
	journal = {Cell. Mol. Life Sci.},
	pages = {46--254},
	title = {Evidence that mi{RNA}s are different from other {RNA}s},
	volume = {63(2)},
	year = {2006}
}

@article{workman1999no,
	author = {Workman, C and Krogh, A},
	journal = {Nucleic Acids Research},
	pages = {4816--22},
	title = {No evidence that m{RNA}s have lower folding free energies than random sequences with the same dinucleotide distribution},
	volume = {27 (24)},
	year = {1999}
}

@book{dayhoff1978,
	author = {Dayhoff, MO and Schwartz, RM and Orcutt, BC},
	journal = {NBRF, Washington},
	pages = {345--352},
	title = {In Atlas of Protein Sequence and Structure},
	volume = {5 (3)},
	year = {1978}
}

@article{henikoff1992amino,
	author = {Henikoff, S and Henikoff, JG},
	journal = {Proc Natl Acad Sci USA},
	pages = {10915--9},
	title = {Amino acid substitution matrices from protein blocks},
	volume = {89 (22)},
	year = {1992}
}

@article{thompson1994clustal,
	author = {Thompson, JD and Higgins, DG and Gibson, TJ},
	journal = {Nucleic Acids Research},
	pages = {4673--4680},
	title = {CLUSTAL W: improving the sensitivity of progressive multiple sequence alignment through sequence weighting, position-specific gap penalties and weight matrix choice},
	volume = {22 (22)},
	year = {1994}
}

@inproceedings{siepel2005phylogenetic,
	author = {Siepel, A and Haussler, D},
	booktitle = {In statistical methods in molecular evolution},
	pages = {325--351},
	publisher = {Springer},
	title = {Phylogenetic hidden {M}arkov models},
	year = {2005}
}

@article{ziheng1994,
	author = {Ziheng, Y},
	journal = {Genetics},
	pages = {993--1005},
	title = {A Space-Time Process Model for the Evolution of {DNA} Sequences},
	volume = {139},
	year = {1994}
}

@article{snorre2007reliable,
	author = {Snorre, AH and Ola, S and Pal, S},
	journal = {Bioinformatics},
	pages = {142--149},
	title = {Reliable prediction of Drosha processing sites improves micro{RNA} gene prediction},
	volume = {23(2)},
	year = {2007}
}

@article{hackenberg2009miranalyzer,
	author = {Hackenberg, M and Sturm, M and Langenberger, D},
	journal = {Nucleic Acids Research},
	pages = {68--76},
	title = {mi{R}analyzer: a micro{RNA} detection and analysis tool for next-generation sequencing experiments},
	volume = {37},
	year = {2009}
}

@article{xuan2011genetic,
	author = {Xuan, P and Guo, MZ and Wang, J and Wang, CY and Liu, XY and Liu, Y},
	journal = {Genet. Mol. Res.},
	pages = {588--603},
	title = {Genetic algorithm-based efficient feature selection for classification of pre-mi{RNA}s},
	volume = {10 (2)},
	year = {2011}
}

@article{bartlett2003,
	author = {Bartlett, JMS and Stirling, D},
	journal = {PCR Protocols},
	pages = {3--6},
	title = {A Short History of the Polymerase Chain Reaction},
	volume = {226},
	year = {2003}
}

@book{curtis2008biologia,
	author = {Curtis, H and Barnes, NS and Schnek, A and Massarini, A},
	publisher = {Editorial M{\'e}dica Panamericana Buenos Aires},
	title = {Biolog\'{\i}a},
	year = {2008}
}

@article{kozomara2014mirbase,
	author = {Kozomara, Ana and Griffiths-Jones, Sam},
	journal = {Nucleic Acids Research},
	pages = {D68--D73},
	publisher = {Oxford Univ Press},
	title = {miRBase: annotating high confidence microRNAs using deep sequencing data},
	volume = {42},
	year = {2014}
}

@article{stegmayer2015,
	author = {Stegmayer, G. and Pividori, M. and Milone, D. H.},
	journal = {Briefings in Bioinformatics.},
	note = {Advance Access published July 28, 2015, doi: 10.1093/bib/bbv054},
	title = {A very simple and fast way to access and validate algorithms in reproducible research.},
	year = {2015}
}

@article{olson2002emboss,
	title={Emboss opens up sequence analysis},
	author={Olson, Sue A},
	journal={Briefings in bioinformatics},
	volume={3},
	number={1},
	pages={87--91},
	year={2002},
	publisher={Henry Stewart Publications}
}
