@article{zhu2005semi,
	author = {Zhu, Xiaojin},
	publisher = {Citeseer},
	title = {{Semi-supervised learning literature survey}},
	year = {2005}
}

@article{friedman1937use,
	title={The use of ranks to avoid the assumption of normality implicit in the analysis of variance},
	author={Friedman, Milton},
	journal={Journal of the american statistical association},
	volume={32},
	number={200},
	pages={675--701},
	year={1937},
	publisher={Taylor \& Francis}
}

@article{cleveland1979robust,
	author = {Cleveland, William S},
	journal = {Journal of the American statistical association},
	number = {368},
	pages = {829--836},
	publisher = {Taylor \& Francis Group},
	title = {{Robust locally weighted regression and smoothing scatterplots}},
	volume = {74},
	year = {1979}
}

@article{novak2010graph,
	title={Graph-based clustering and characterization of repetitive sequences in next-generation sequencing data},
	author={Nov{\'a}k, Petr and Neumann, Pavel and Macas, Ji{\v{r}}{\'\i}},
	journal={BMC bioinformatics},
	volume={11},
	number={1},
	pages={378},
	year={2010},
	publisher={BioMed Central}
}

@article{enright2001biolayout,
	title={BioLayout—an automatic graph layout algorithm for similarity visualization},
	author={Enright, Anton J and Ouzounis, Christos A},
	journal={Bioinformatics},
	volume={17},
	number={9},
	pages={853--854},
	year={2001},
	publisher={Oxford University Press}
}

@article{wu2011mirpara,
	title={MiRPara: a SVM-based software tool for prediction of most probable microRNA coding regions in genome scale sequences},
	author={Wu, Yonggan and Wei, Bo and Liu, Haizhou and Li, Tianxian and Rayner, Simon},
	journal={BMC bioinformatics},
	volume={12},
	number={1},
	pages={107},
	year={2011},
	publisher={BioMed Central}
}

@article{jha2012mir,
	title={miR-BAG: bagging based identification of microRNA precursors},
	author={Jha, Ashwani and Chauhan, Rohit and Mehra, Mrigaya and Singh, Heikham Russiachand and Shankar, Ravi},
	journal={PLoS One},
	volume={7},
	number={9},
	pages={e45782},
	year={2012},
	publisher={Public Library of Science}
}

@inproceedings{nemenyi1962distribution,
	author={Nemenyi, Peter},
	booktitle={Biometrics},
	pages={263},
	title={Distribution-free multiple comparisons},
	volume={18},
	year={1962},
	organization={INTERNATIONAL BIOMETRIC SOC 1441 I ST, NW, SUITE 700, WASHINGTON, DC 20005-2210}
}

@article{malkov2014approximate,
	title={Approximate nearest neighbor algorithm based on navigable small world graphs},
	author={Malkov, Yury and Ponomarenko, Alexander and Logvinov, Andrey and Krylov, Vladimir},
	journal={Information Systems},
	volume={45},
	pages={61--68},
	year={2014},
	publisher={Elsevier}
}

@article{xue2005classification,
	title={Classification of real and pseudo microRNA precursors using local structure-sequence features and support vector machine},
	author={Xue, Chenghai and Li, Fei and He, Tao and Liu, Guo-Ping and Li, Yanda and Zhang, Xuegong},
	journal={BMC bioinformatics},
	volume={6},
	number={1},
	pages={310},
	year={2005},
	publisher={BioMed Central}
}

@article{xuan2011plantmirnapred,
	title={PlantMiRNAPred: efficient classification of real and pseudo plant pre-miRNAs},
	author={Xuan, Ping and Guo, Maozu and Liu, Xiaoyan and Huang, Yangchao and Li, Wenbin and Huang, Yufei},
	journal={Bioinformatics},
	volume={27},
	number={10},
	pages={1368--1376},
	year={2011},
	publisher={Oxford Univ Press}
}

@article{peace2015framework,
	author = {Peace, Robert J and Biggar, Kyle K and Storey, Kenneth B and Green, James R},
	journal = {Nucleic acids research},
	pages = {gkv698},
	publisher = {Oxford Univ Press},
	title = {{A framework for improving microRNA prediction in non-human genomes}},
	year = {2015}
}

@article{tempel2015mirboost,
	author = {Tempel, Sebastien and Zerath, Benjamin and Zehraoui, Farida and Tahi, Fariza and others},
	journal = {RNA},
	number = {5},
	pages = {775--785},
	publisher = {Cold Spring Harbor Lab},
	title = {{miRBoost: boosting support vector machines for microRNA precursor classification}},
	volume = {21},
	year = {2015}
}

@article{wei2014improved,
	author = {Wei, Leyi and Liao, Minghong and Gao, Yue and Ji, Rongrong and He, Zengyou and Zou, Quan},
	journal = {Computational Biology and Bioinformatics, IEEE/ACM Transactions on},
	number = {1},
	pages = {192--201},
	publisher = {IEEE},
	title = {{Improved and promising identification of human microRNAs by incorporating a high-quality negative set}},
	volume = {11},
	year = {2014}
}

@article{de2016automatic,
	author = {Lopes, Ivani de ON and Schliep Alexander and de LF de Carvalho André P},
	doi = {http://dx.doi.org/10.1186/s12859-016-1036-3 10.1186/s12859-016-1036-3},
	issn = {1471-2105},
	journal = {BMC Bioinformatics},
	number = {1},
	pages = {224},
	title = {{Automatic learning of pre-miRNAs from different species}},
	volume = {17},
	year = {2016}
}

@article{silva2012network-based,
	author = {Silva, Thiago Christiano and Zhao, Liang},
	journal = {Neural Networks and Learning Systems, IEEE Transactions on},
	number = {3},
	pages = {451--466},
	publisher = {IEEE},
	title = {{Network-based stochastic semisupervised learning}},
	volume = {23},
	year = {2012}
}

@article{mraz2009micrornas,
	author = {Mraz, Marek and Mraz, Marek and Pospisilova, Sarka and Malinova, Karla and Slapak, Ivo and Mayer, Jiri},
	journal = {Leukemia \& lymphoma},
	number = {3},
	pages = {506--509},
	publisher = {Informa UK Ltd UK},
	title = {{MicroRNAs in chronic lymphocytic leukemia pathogenesis and disease subtypes}},
	volume = {50},
	year = {2009}
}

@article{thum2007micrornas,
	author = {Thum, Thomas and Galuppo, Paolo and Wolf, Christian and Fiedler, Jan and Kneitz, Susanne and van Laake, Linda W and Doevendans, Pieter A and Mummery, Christine L and Borlak, J\"{u}rgen and Haverich, Axel and others},
	journal = {Circulation},
	number = {3},
	pages = {258--267},
	publisher = {Am Heart Assoc},
	title = {{MicroRNAs in the human heart a clue to fetal gene reprogramming in heart failure}},
	volume = {116},
	year = {2007}
}

@article{ng2007novo,
	author = {Ng, Kwang Loong Stanley and Mishra, Santosh K},
	journal = {Bioinformatics},
	number = {11},
	pages = {1321--1330},
	publisher = {Oxford Univ Press},
	title = {{De novo {SVM} classification of precursor microRNAs from genomic pseudo hairpins using global and intrinsic folding measures}},
	volume = {23},
	year = {2007}
}

@article{yones2015mirnafe,
	author = {Yones, Cristian A and Stegmayer, Georgina and Kamenetzky, Laura and Milone, Diego H},
	journal = {Biosystems},
	pages = {1--5},
	publisher = {Elsevier},
	title = {{miRNAfe: a comprehensive tool for feature extraction in microRNA prediction}},
	volume = {138},
	year = {2015}
}

@article{van2011art,
	author = {van Rooij, Eva},
	journal = {Circulation research},
	number = {2},
	pages = {219--234},
	publisher = {Am Heart Assoc},
	title = {{The art of microRNA research}},
	volume = {108},
	year = {2011}
}

@article{shi2000normalized,
	author = {Shi, Jianbo and Malik, Jitendra},
	journal = {IEEE Transactions on pattern analysis and machine intelligence},
	number = {8},
	pages = {888--905},
	publisher = {IEEE},
	title = {{Normalized cuts and image segmentation}},
	volume = {22},
	year = {2000}
}

@inproceedings{joachims2003transductive,
	author = {Joachims, Thorsten and others},
	booktitle = {{ICML}},
	pages = {290--297},
	title = {{Transductive learning via spectral graph partitioning}},
	volume = {3},
	year = {2003}
}

@article{lennox2011chemical,
	author = {Lennox, KA and Behlke, MA},
	journal = {Gene therapy},
	number = {12},
	pages = {1111--1120},
	publisher = {Nature Publishing Group},
	title = {{Chemical modification and design of anti-miRNA oligonucleotides}},
	volume = {18},
	year = {2011}
}

@article{an2013mirdeep,
	author = {An, Jiyuan and Lai, John and Lehman, Melanie L and Nelson, Colleen C},
	journal = {Nucleic acids research},
	number = {2},
	pages = {727--737},
	publisher = {Oxford Univ Press},
	title = {{miRDeep*: an integrated application tool for miRNA identification from RNA sequencing data}},
	volume = {41},
	year = {2013}
}

@inproceedings{domingos1999metacost,
	author = {Domingos, Pedro},
	booktitle = {{Proceedings of the fifth ACM SIGKDD international conference on Knowledge discovery and data mining}},
	organization = {ACM},
	pages = {155--164},
	title = {{Metacost: A general method for making classifiers cost-sensitive}},
	year = {1999}
}

@article{mease2007boosted,
	author = {Mease, David and Wyner, Abraham J and Buja, Andreas},
	journal = {The Journal of Machine Learning Research},
	pages = {409--439},
	publisher = {JMLR. org},
	title = {{Boosted classification trees and class probability/quantile estimation}},
	volume = {8},
	year = {2007}
}

@article{ding2010mirensvm,
	author = {Ding, Jiandong and Zhou, Shuigeng and Guan, Jihong},
	journal = {BMC bioinformatics},
	number = {Suppl 11},
	pages = {S11},
	publisher = {BioMed Central Ltd},
	title = {{MiRenSVM: towards better prediction of microRNA precursors using an ensemble SVM classifier with multi-loop features}},
	volume = {11},
	year = {2010}
}

@article{mendes2009current,
	author = {Mendes, ND and Freitas, Ana T and Sagot, M-F},
	journal = {Nucleic acids research},
	number = {8},
	pages = {2419--2433},
	publisher = {Oxford Univ Press},
	title = {{Current tools for the identification of miRNA genes and their targets}},
	volume = {37},
	year = {2009}
}

@inproceedings{kononenko1994estimating,
	author = {Kononenko, Igor},
	booktitle = {{Machine Learning: ECML-94}},
	organization = {Springer},
	pages = {171--182},
	title = {{Estimating attributes: analysis and extensions of RELIEF}},
	year = {1994}
}

@article{wettschereck1997review,
	author = {Wettschereck, Dietrich and Aha, David W and Mohri, Takao},
	journal = {Artificial Intelligence Review},
	number = {1-5},
	pages = {273--314},
	publisher = {Springer},
	title = {{A review and empirical evaluation of feature weighting methods for a class of lazy learning algorithms}},
	volume = {11},
	year = {1997}
}

@article{kleftogiannis2013where,
	author = {Kleftogiannis, Dimitrios and Korfiati, Aigli and Theofilatos, Konstantinos and Likothanassis, Spiros and Tsakalidis, Athanasios and Mavroudi, Seferina},
	journal = {Journal of biomedical informatics},
	number = {3},
	pages = {563--573},
	publisher = {Elsevier},
	title = {{Where we stand, where we are moving: surveying computational techniques for identifying miRNA genes and uncovering their regulatory role}},
	volume = {46},
	year = {2013}
}

@article{jiang2007mipred,
	author = {Jiang, Peng and Wu, Haonan and Wang, Wenkai and Ma, Wei and Sun, Xiao and Lu, Zuhong},
	journal = {Nucleic acids research},
	number = {suppl 2},
	pages = {W339--W344},
	publisher = {Oxford Univ Press},
	title = {{MiPred: classification of real and pseudo microRNA precursors using random forest prediction model with combined features}},
	volume = {35},
	year = {2007}
}

@article{batuwita2009micropred,
	author = {Batuwita, Rukshan and Palade, Vasile},
	journal = {Bioinformatics},
	number = {8},
	pages = {989--995},
	publisher = {Oxford Univ Press},
	title = {{micro{P}red: effective classification of pre-miRNAs for human miRNA gene prediction}},
	volume = {25},
	year = {2009}
}

@article{gudys2013huntmi,
	author = {Gudy\'{s}, Adam and Szcze\'{s}niak, Micha{\l} W and Sikora, Marek and Maka{\l}owska, Izabela},
	journal = {BMC bioinformatics},
	number = {1},
	pages = {83},
	publisher = {BioMed Central Ltd},
	title = {{HuntMi: an efficient and taxon-specific approach in pre-miRNA identification}},
	volume = {14},
	year = {2013}
}

@article{zhou2013microrna,
	author = {Zhou, Man and Luo, Hong},
	journal = {Plant molecular biology},
	number = {1-2},
	pages = {59--75},
	publisher = {Springer},
	title = {{MicroRNA-mediated gene regulation: potential applications for plant genetic engineering}},
	volume = {83},
	year = {2013}
}

@article{kumar2014role,
	author = {Kumar, Rajesh},
	journal = {Applied biochemistry and biotechnology},
	number = {1},
	pages = {93--115},
	publisher = {Springer},
	title = {{Role of microRNAs in biotic and abiotic stress responses in crop plants}},
	volume = {174},
	year = {2014}
}

@article{kelly2010attenuation,
	author = {Kelly, Elizabeth J and Nace, Rebecca and Barber, Glen N and Russell, Stephen J},
	journal = {Journal of virology},
	number = {3},
	pages = {1550--1562},
	publisher = {Am Soc Microbiol},
	title = {{Attenuation of vesicular stomatitis virus encephalitis through microRNA targeting}},
	volume = {84},
	year = {2010}
}

@article{kelly2010microrna,
	author = {Kelly, Elizabeth J and Hadac, Elizabeth M and Cullen, Bryan R and Russell, Stephen J},
	journal = {PLoS pathogens},
	number = {3},
	pages = {e1000820},
	publisher = {Public Library of Science},
	title = {{MicroRNA antagonism of the picornaviral life cycle: alternative mechanisms of interference}},
	volume = {6},
	year = {2010}
}

@article{lim2003microRNAs,
	author = {Lim, Lee P and Lau, Nelson C and Weinstein, Earl G and Abdelhakim, Aliaa and Yekta, Soraya and Rhoades, Matthew W and Burge, Christopher B and Bartel, David P},
	journal = {Genes \& development},
	number = {8},
	pages = {991--1008},
	publisher = {Cold Spring Harbor Lab},
	title = {{The microRNAs of Caenorhabditis elegans}},
	volume = {17},
	year = {2003}
}

@article{rodriguez2004identification,
	author = {Rodriguez, Antony and Griffiths-Jones, Sam and Ashurst, Jennifer L and Bradley, Allan},
	journal = {Genome research},
	number = {10a},
	pages = {1902--1910},
	publisher = {Cold Spring Harbor Lab},
	title = {{Identification of mammalian microRNA host genes and transcription units}},
	volume = {14},
	year = {2004}
}

@inproceedings{wenyuan2013training,
	author = {Wenyuan, Liu and Jing, Ma and Changwu, Wang and Baowen, Wang and Yongqiang, Li},
	booktitle = {{Intelligent System Design and Engineering Applications (ISDEA), 2013 Third International Conference on}},
	organization = {IEEE},
	pages = {1566--1569},
	title = {{The training set selection methods of microRNA precursors prediction based on machine learning approaches}},
	year = {2013}
}

@article{demvsar2006statistical,
	author = {Dem\v{s}ar, Janez},
	journal = {Journal of Machine learning research},
	number = {Jan},
	pages = {1--30},
	title = {{Statistical comparisons of classifiers over multiple data sets}},
	volume = {7},
	year = {2006}
}

@article{lorenz2011viennarna,
	author = {Lorenz, Ronny and Bernhart, Stephan H and {Zu Siederdissen}, Christian Hoener and Tafer, Hakim and Flamm, Christoph and Stadler, Peter F and Hofacker, Ivo L},
	journal = {Algorithms for Molecular Biology},
	number = {1},
	pages = {1},
	publisher = {BioMed Central},
	title = {{ViennaRNA Package 2.0}},
	volume = {6},
	year = {2011}
}

@book{chapelle2006semi,
	author = {Chapelle, O. and Sch\"{o}lkopf, B. and Zien, A.},
	isbn = {9780262033589},
	lccn = {2011288034},
	publisher = {MIT Press},
	series = {{Adaptive computation and machine learning}},
	title = {{Semi-supervised Learning}},
	url = {https://books.google.com.ar/books?id=kfqvQgAACAAJ},
	year = {2006}
}

@article{de2014discriminant,
	author={Lopes, Ivani de ON  and Schliep, Alexander and de Carvalho, Andr{\'e} CP de LF},
	doi = {http://dx.doi.org/10.1186/1471-2105-15-124 10.1186/1471-2105-15-124},
	issn = {1471--2105},
	journal = {BMC Bioinformatics},
	number = {1},
	pages = {124},
	title = {{The discriminant power of RNA features for pre-miRNA recognition}},
	volume = {15},
	year = {2014}
}

@article{gander1989constrained,
	author = {Gander, Walter and Golub, Gene H and von Matt, Urs},
	journal = {Linear Algebra and its applications},
	pages = {815--839},
	publisher = {Elsevier},
	title = {{A constrained eigenvalue problem}},
	volume = {114},
	year = {1989}
}

@article{xu2008microrna,
	author = {Xu, Yunpen and Zhou, Xuefeng and Zhang, Weixiong},
	journal = {Bioinformatics},
	number = {13},
	pages = {i50--i58},
	publisher = {Oxford Univ Press},
	title = {{MicroRNA prediction with a novel ranking algorithm based on random walks}},
	volume = {24},
	year = {2008}
}

@article{letzen2010microrna,
	author = {Letzen, Brian S and Liu, Cyndi and Thakor, Nitish V and Gearhart, John D and All, Angelo H and Kerr, Candace L},
	journal = {PloS one},
	number = {5},
	pages = {e10480},
	publisher = {Public Library of Science},
	title = {{MicroRNA expression profiling of oligodendrocyte differentiation from human embryonic stem cells}},
	volume = {5},
	year = {2010}
}

@article{esquela2006oncomirs,
	author = {Esquela-Kerscher, Aurora and Slack, Frank J},
	journal = {Nature Reviews Cancer},
	number = {4},
	pages = {259--269},
	publisher = {Nature Publishing Group},
	title = {{Oncomirs---microRNAs with a role in cancer}},
	volume = {6},
	year = {2006}
}

@article{cho2010micrornas,
	author = {Cho, William CS},
	journal = {Biochimica et Biophysica Acta (BBA)-Reviews on Cancer},
	number = {2},
	pages = {209--217},
	publisher = {Elsevier},
	title = {{MicroRNAs in cancer---from research to therapy}},
	volume = {1805},
	year = {2010}
}

@article{burklew2012effects,
	author = {Burklew, Caitlin E and Ashlock, Jordan and Winfrey, William B and Zhang, Baohong},
	journal = {PloS one},
	number = {5},
	pages = {e34783},
	publisher = {Public Library of Science},
	title = {{Effects of aluminum oxide nanoparticles on the growth, development, and microRNA expression of tobacco (Nicotiana tabacum)}},
	volume = {7},
	year = {2012}
}

@article{dai2008markov,
	author = {Dai, Qi and Yang, Yanchun and Wang, Tianming},
	journal = {Bioinformatics},
	number = {20},
	pages = {2296--2302},
	publisher = {Oxford Univ Press},
	title = {{Markov model plus k-word distributions: a synergy that produces novel statistical measures for sequence comparison}},
	volume = {24},
	year = {2008}
}

@article{mcgill1978variations,
	author = {McGill, Robert and Tukey, John W and Larsen, Wayne A},
	journal = {The American Statistician},
	number = {1},
	pages = {12--16},
	publisher = {Taylor \& Francis Group},
	title = {{Variations of box plots}},
	volume = {32},
	year = {1978}
}

@article{bradley1997use,
	author = {Bradley, Andrew P},
	journal = {Pattern recognition},
	number = {7},
	pages = {1145--1159},
	publisher = {Elsevier},
	title = {{The use of the area under the ROC curve in the evaluation of machine learning algorithms}},
	volume = {30},
	year = {1997}
}

@article{camacho2009blast+,
	author = {Camacho, Christiam and Coulouris, George and Avagyan, Vahram and Ma, Ning and Papadopoulos, Jason and Bealer, Kevin and Madden, Thomas L},
	journal = {BMC bioinformatics},
	number = {1},
	pages = {1},
	publisher = {BioMed Central},
	title = {{BLAST+: architecture and applications}},
	volume = {10},
	year = {2009}
}

@article{terai2007mirrim,
	author = {Terai, Goro and Komori, Takashi and Asai, Kiyoshi and Kin, Taishin},
	journal = {Rna},
	number = {12},
	pages = {2081--2090},
	publisher = {Cold Spring Harbor Lab},
	title = {{miRRim: a novel system to find conserved miRNAs with high sensitivity and specificity}},
	volume = {13},
	year = {2007}
}

@article{kadri2009hhmmir,
	title={HHMMiR: efficient de novo prediction of microRNAs using hierarchical hidden Markov models},
	author={Kadri, Sabah and Hinman, Veronica and Benos, Panayiotis V},
	journal={BMC bioinformatics},
	volume={10},
	number={1},
	pages={S35},
	year={2009},
	publisher={BioMed Central}
}

@article{liu2012integrated,
	title={Integrated sequence-structure motifs suffice to identify microRNA precursors},
	author={Liu, Xiuqin and He, Shunmin and Skogerb{\o}, Geir and Gong, Fuzhou and Chen, Runsheng},
	journal={PloS one},
	volume={7},
	number={3},
	pages={e32797},
	year={2012},
	publisher={Public Library of Science}
}

@article{lai2003computational,
	title={Computational identification of Drosophila microRNA genes},
	author={Lai, Eric C and Tomancak, Pavel and Williams, Robert W and Rubin, Gerald M},
	journal={Genome biology},
	volume={4},
	number={7},
	pages={R42},
	year={2003},
	publisher={BioMed Central}
}

@article{bentwich2005identification,
	title={Identification of hundreds of conserved and nonconserved human microRNAs},
	author={Bentwich, Isaac and Avniel, Amir and Karov, Yael and Aharonov, Ranit and Gilad, Shlomit and Barad, Omer and Barzilai, Adi and Einat, Paz and Einav, Uri and Meiri, Eti and others},
	journal={Nature genetics},
	volume={37},
	number={7},
	pages={766--770},
	year={2005},
	publisher={Nature Publishing Group}
}

@article{adai2005computational,
	title={Computational prediction of miRNAs in Arabidopsis thaliana},
	author={Adai, Alex and Johnson, Cameron and Mlotshwa, Sizolwenkosi and Archer-Evans, Sarah and Manocha, Varun and Vance, Vicki and Sundaresan, Venkatesan},
	journal={Genome research},
	volume={15},
	number={1},
	pages={78--91},
	year={2005},
	publisher={Cold Spring Harbor Lab}
}

@article{huang2007mirfinder,
	title={MiRFinder: an improved approach and software implementation for genome-wide fast microRNA precursor scans},
	author={Huang, Ting-Hua and Fan, Bin and Rothschild, Max F and Hu, Zhi-Liang and Li, Kui and Zhao, Shu-Hong},
	journal={BMC bioinformatics},
	volume={8},
	number={1},
	pages={341},
	year={2007},
	publisher={BioMed Central}
}

@article{billoud2014computational,
	title={Computational prediction and experimental validation of microRNAs in the brown alga Ectocarpus siliculosus},
	author={Billoud, Bernard and Nehr, Zofia and Le Bail, Aude and Charrier, B{\'e}n{\'e}dicte},
	journal={Nucleic acids research},
	volume={42},
	number={1},
	pages={417--429},
	year={2014},
	publisher={Oxford Univ Press}
}