@article{Bartel04,
    Author         = "Bartel, DP",
    Year           = "2004",
    Title          = "Micro{RNA}s: genomics, biogenesis, mechanism, and function",
    Journal        = "Cell",
    Volume         = "116 (2)",
    Pages          = "281--297"
}

@article{Rosenzvit13,
    Author         = "Rosenzvit, M and Cucher, M and Kamenetzky, L and Macchiaroli, N and Prada, L and Camicia, F",
    Year           = "2013",
    Title          = "Micro{RNA}s in Endoparasites",
    Journal        = "Nova Science Publishers",
    Pages          = "65--92"
}

@article{EsquelaKerscher06,
    Author         = "Esquela-Kerscher, A and Slack, FJ",
    Year           = "2006",
    Title          = "Oncomirs - micro{RNA}s with a role in cancer",
    Journal        = "Nature Reviews Cancer",
    Volume         = "6(1)",
    Pages          = "259--269"
}

@article{Lecellier05,
    Author         = "Lecellier, CH and Dunoyer, P and Arar, K and Lehmann-Che, J and Eyquem, S and Himber, C and Saib, A and Voinnet, O",
    Year           = "2005",
    Title          = "A cellular Micro{RNA} mediates antiviral defense in human cells",
    Journal        = "Science",
    Volume         = "308",
    Pages          = "557--560"
}

@article{Zhang10,
  title   = "Characteristic comparison between two types of miRNA precursors in metazoan species",
  author  = "Zhang, Xiaobai and Song, Xiaofeng and Wang, Huinan",
  journal = "Biosystems",
  volume  = "100",
  number  = "2",
  pages   = "144--149",
  year    = "2010",
  publisher= "Elsevier"
}

@article{Lamers14,
  title     = "HIV-associated neuropathogenesis: A systems biology perspective for modeling and therapy",
  author    = "Lamers, Susanna L and Fogel, Gary B and Nolan, David J and McGrath, Michael S and Salemi, Marco",
  journal   = "Biosystems",
  volume    = "119",
  pages     = "53--61",
  year      = "2014",
  publisher = "Elsevier"
}

@article{Li10,
    Author         = "Li, L and Xu, J and Yang, D and Tan, X and Wang, H",
    Title          = "Computational approaches for micro{RNA} studies: a review",
    Journal        = "Mamm Genome",
    Volume         = "21(1)",
    Pages          = "1--12",
    Year           = "2010"
}

@article{Xue05,
    Author         = "Xue, C and Li, F and He, T and Liu, GP and Li, Y and Zhang, X",
    Title          = "Classification of real and pseudo micro{RNA} precursors using local structure-sequence features and support vector machine",
    Journal        = "BMC Bioinformatics",
    Volume         = "6(1)",
    Pages          = "310",
    Year           = "2005"
}

@article{Huang07,
    Author         = "Huang, TH and Fan, B and Rothschild, M and Hu, ZL and Li, K and Zhao, SH",
    Title          = "{M}i{RF}inder: an improved approach and software implementation for genome-wide fast micro{RNA} precursor scans",
    Journal        = "BMC Bioinformatics",
    Volume         = "8(1)",
    Pages          = "341",
    Year           = "2007"
}

@article{Xu08,
    Author         = "Xu, Y and Zhou, X and Zhang, W",
    Title          = "Micro{RNA} prediction with a novel ranking algorithm based on random walks",
    Journal        = "Bioinformatics",
    Volume         = "24(1)",
    Pages          = "i50--i58",
    Year           = "2008"
}

@article{Lee93,
  author           = "Lee, RC and Feinbaum, RL and Ambros, V",
  year             = "1993",
  title            = "The C. elegans heterochronic gene lin-4 encodes small {RNA}s with antisense complementarity to lin-14",
  journal          = "Cell",
  volume           = "75",
  number           = "5",
  pages            = "843--854",
  publisher        = "Elsevier"
}

@article{Jopling05,
    Author         = "Jopling, C and Yi, M and Lancaster, A and Lemon, S and Sarnow, P",
    Title          = "Modulation of hepatitis C virus {RNA} abundance by a liver-specific Micro{RNA}",
    Year           = "2005",
    Journal        = "Science",
    Pages          = "1577--1581",
    Volume         = "309(5740)"
}

@article{Bentwich05,
    Author         = "Bentwich, I and Avniel, A and Karov, Y and Aharonov, R and Gilad, S and Barad, O and Barzilai, A and Einat, P and Einav, U and Meiri, E and Sharon, E and Spector, Y and Bentwich, Z",
    Title          = "Identification of hundreds of conserved and nonconserved human micro{RNA}s",
    Year           = "2005",
    Journal        = "Nat Genet",
    Pages          = "766--770",
    Volume         = "37(7)"
}

@misc{Michael08,
    Author         = "Michael, H and Florence, H and Yuan, L and Gregory, D and Belinda, S",
    Title          = "{NIH} WORKING DEFINITION OF BIOINFORMATICS AND COMPUTATIONAL BIOLOGY",
    Year           = "2008"
}

@article{Zuker03,
    Author         = "Zuker, M",
    Title          = "Mfold web server for nucleic acid folding and hybridization prediction",
    Year           = "2003",
    Journal        = "Nucleic Acids Res.",
    Volume         = "31",
    Pages          = "3406--3415"
}

@article{Hofacker03,
    Author         = "Hofacker, IL",
    Title          = "Vienna {RNA} secondary structure server",
    Year           = "2003",
    Journal        = "Nucleic Acids Res.",
    Volume         = "31",
    Pages          = "3429–3431"
}

@article{Sewer05,
    Author         = "Sewer, A and Paul, N and Landgraf, P and Aravin, A and Pfeffer, S and Brownstein, MJ and Tuschl, T and van Nimwegen, E and Zavolan, M",
    Title          = "Identification of clustered micro{RNA}s using an ab initio prediction method",
    Year           = "2005",
    Journal        = "BMC Bioinformatics",
    Volume         = "6",
    Pages          = "267"
}

@article{Hertel06,
    Author         = "Hertel, J and Stadler, PF",
    Title          = "Hairpins in a Haystack: recognizing micro{RNA} precursors in comparative genomics data",
    Year           = "2006",
    Journal        = "Bioinformatics",
    Volume         = "22 (14)",
    Pages          = "e197--e202"
}

@article{Bonnet04,
    Author         = "Bonnet, E and Wuyts, J and Rouzé, P and Van de Peer, Y",
    Year           = "2004",
    Title          = "Evidence that micro{RNA} precursors, unlike other non-coding {RNA}s, have lower folding free energies than random sequences",
    Journal        = "Bioinformatics",
    Volume         = "20 (17)",
    Pages          = "2911--2917"
}

@article{Yousef06,
    Author         = "Yousef, M and Nebozhyn, M and Shatkay, H and Kanterakis, S and Showe, LC and Showe, MK",
    Year           = "2006",
    Title          = "Combining multi-species genomic data for micro{RNA} identification using a Naive Bayes classifier",
    Journal        = "Bioinformatics",
    Volume         = "22 (11)",
    Pages          = "1325--1334"
}

@article{Goro07,
    Author         = "Goro, T and Takashi, K and Kiyoshi, A and Taishin, K",
    Year           = "2007",
    Title          = "miRRim: A novel system to find conserved mi{RNA}s with high sensitivity and specificity",
    Journal        = "RNA",
    Volume         = "13 (12)",
    Pages          = "2081--2090"
}

@article{Jiang07,
    title	   = "MiPred: classification of real and pseudo microRNA precursors using random forest prediction model with combined features",
    author	   = "Jiang, Peng and Wu, Haonan and Wang, Wenkai and Ma, Wei and Sun, Xiao and Lu, Zuhong",
    journal	   = "Nucleic acids research",
    volume	   = "35",
    number	   = "suppl 2",
    pages	   = "W339--W344",
    year	   = "2007",
    publisher	   = "Oxford Univ Press"
}

@article{Peng07,
    Author         = "Peng, J and Haonan, W and Wenkai, W and Wei, M and Xiao, S and Zuhong, L",
    Year           = "2007",
    Title          = "{M}i{P}red: classification of real and pseudo micro{RNA} precursors using random forest prediction model with combined features",
    Journal        = "Nucleic Acids Research",
    Volume         = "35",
    Pages          = "339--44"
}

@article{McCaskill90,
    Author         = "McCaskill, JS",
    Year           = "1990",
    Title          = "The equilibrium partition function and base pair binding probabilities for {RNA} secondary structure",
    Journal        = "Biopolymers",
    Volume         = "29",
    Pages          = "1105--1119"
}

@article{Zuker81,
    Author         = "Zuker, M and Stiegler, P",
    Year           = "1981",
    Title          = "Optimal computer folding of large RNA sequences using thermodynamic and auxiliary information",
    Journal        = "Nucl Acid",
    Volume         = "9",
    Pages          = "133--148"
}

@article{Wuchty99,
    Author         = "Wuchty, S and Fontana, W and Hofacker, IL and Schuster, P",
    Year           = "1999",
    Title          = "Complete suboptimal folding of {RNA} and the stability of secondary structures",
    Journal        = "Biopolymers",
    Volume         = "49(2)",
    Pages          = "145--65"
}

@article{Zhang06,
    Author         = "Zhang, BH and Pan, XP and Cox, SB and Cobb, GP and Anderson, TA",
    Year           = "2006",
    Title          = "Evidence that mi{RNA}s are different from other {RNA}s",
    Journal        = "Cell. Mol. Life Sci.",
    Volume         = "63(2)",
    Pages          = "46--254"
}

@article{Lim03,
  author= "Lim, LP and Lau, NC and Weinstein, EG and Abdelhakim, A and Yekta, S and Rhoades, MW and Burge, CB and Bartel, DP",
  year= "2003",
  title= "The micro{RNA}s of Caenorhabditis elegans",
  journal= "Genes \& development",
  volume= "17",
  number= "8",
  pages= "991--1008",
  publisher= "Cold Spring Harbor Lab"
}


@article{Workman99,
    Author         = "Workman, C and Krogh, A",
    Year           = "1999",
    Title          = "No evidence that m{RNA}s have lower folding free energies than random sequences with the same dinucleotide distribution",
    Journal        = "Nucleic Acids Research",
    Volume         = "27 (24)",
    Pages          = "4816--22"
}

@book{Dayhoff78,
    Author         = "Dayhoff, MO and Schwartz, RM and Orcutt, BC",
    Year           = "1978",
    Title          = "In Atlas of Protein Sequence and Structure",
    Journal        = "NBRF, Washington",
    Volume         = "5 (3)",
    Pages          = "345--352"
}

@article{Henikoff92,
    Author         = "Henikoff, S and Henikoff, JG",
    Year           = "1992",
    Title          = "Amino acid substitution matrices from protein blocks",
    Journal        = "Proc Natl Acad Sci USA",
    Volume         = "89 (22)",
    Pages          = "10915--9"
}

@article{Thompson94,
    Author         = "Thompson, JD and Higgins, DG and Gibson, TJ",
    Year           = "1994",
    Title          = "CLUSTAL W: improving the sensitivity of progressive multiple sequence alignment through sequence weighting, position-specific gap penalties and weight matrix choice",
    Journal        = "Nucleic Acids Research",
    Volume         = "22 (22)",
    Pages          = "4673--4680"
}

@INPROCEEDINGS{Siepel05,
    author = "Siepel, A and Haussler, D",
    title = "Phylogenetic hidden {M}arkov models",
    booktitle = "In statistical methods in molecular evolution",
    year = "2005",
    pages = "325--351",
    publisher = "Springer"
}

@article{Ziheng94,
    Author         = "Ziheng, Y",
    Year           = "1994",
    Title          = "A Space-Time Process Model for the Evolution of {DNA} Sequences",
    Journal        = "Genetics",
    Volume         = "139",
    Pages          = "993-1005"
}

@article{Snorre07,
    Author         = "Snorre, AH and Ola, S and Pal, S",
    Year           = "2007",
    Title          = "Reliable prediction of Drosha processing sites improves micro{RNA} gene prediction",
    Journal        = "Bioinformatics",
    Volume         = "23(2)",
    Pages          = "142--149"
}

@article{Ng07,
    Author         = "Ng, KLS and Mishra, SK",
    Year           = "2007",
    Title          = "De novo {SVM} classification of precursor micro{RNA}s from genomic pseudo hairpins using global and intrinsic folding measures",
    Journal        = "Bioinformatics",
    Volume         = "23(11)",
    Pages          = "1321--30"
}

@article{Rukshan09,
    Author         = "Rukshan, B and Vasile, P",
    Year           = "2009",
    Title          = "microPred: effective classification of pre-mi{RNA}s for human mi{RNA} gene prediction",
    Journal        = "Bioinformatics",
    Volume         = "25(8)",
    Pages          = "989--995"
}

@article{Hackenberg09,
    Author         = "Hackenberg, M and Sturm, M and Langenberger, D",
    Year           = "2009",
    Title          = "mi{R}analyzer: a micro{RNA} detection and analysis tool for next-generation sequencing experiments",
    Journal        = "Nucleic Acids Research",
    Volume         = "37",
    Pages          = "68--76"
}

@article{Jiandong10,
    Author         = "Jiandong, D and Shuigeng, Z and Jihong, G",
    Year           = "2010",
    Title          = "MiRen{SVM}: towards better prediction of micro{RNA} precursors using an ensemble {SVM} classifier with multi-loop features",
    Journal        = "BMC Bioinformatics",
    Volume         = "11 (11)",
    Pages          = "11"
}

@article{Xuan11,
    Author         = "Xuan, P and Guo, MZ and Wang, J and Wang, CY and Liu, XY and Liu, Y",
    Year           = "2011",
    Title          = "Genetic algorithm-based efficient feature selection for classification of pre-mi{RNA}s",
    Journal        = "Genet. Mol. Res.",
    Volume         = "10 (2)",
    Pages          = "588--603"
}

@article{Bartlett03,
    Author         = "Bartlett, JMS and Stirling, D",
    Year           = "2003",
    Title          = "A Short History of the Polymerase Chain Reaction",
    Journal        = "PCR Protocols",
    Volume         = "226",
    Pages          = "3--6"
}

@book{Curtis08,
  title= "Biolog{\'\i}a",
  author= "Curtis, H and Barnes, NS and Schnek, A and Massarini, A",
  year= "2008",
  publisher= "Editorial M{\'e}dica Panamericana Buenos Aires"
}

@article{Kleftogiannis13,
  title= "Where we stand, where we are moving: Surveying computational techniques for identifying miRNA genes and uncovering their regulatory role",
  author= "Kleftogiannis, Dimitrios and Korfiati, Aigli and Theofilatos, Konstantinos and Likothanassis, Spiros and Tsakalidis, Athanasios and Mavroudi, Seferina",
  journal= "Journal of biomedical informatics",
  volume= "46",
  number= "3",
  pages= "563--573",
  year= "2013",
  publisher= "Elsevier"
}

@article{Gudys13,
  title= "HuntMi: an efficient and taxon-specific approach in pre-miRNA identification",
  author= "Gudy{\'s}, Adam and Szcze{\'s}niak, Micha{\l} W and Sikora, Marek and Maka{\l}owska, Izabela",
  journal= "BMC bioinformatics",
  volume= "14",
  number= "1",
  pages= "83",
  year= "2013",
  publisher= "BioMed Central Ltd"
}

@article{Kozomara14,
  title= "miRBase: annotating high confidence microRNAs using deep sequencing data",
  author= "Kozomara, Ana and Griffiths-Jones, Sam",
  journal= "Nucleic Acids Research",
  volume= "42",
  pages= "D68--D73",
  year= "2014",
  publisher= "Oxford Univ Press"
}


@Article{Stegmayer15,
  author       = "Stegmayer, G. and Pividori, M. and Milone, D. H.",
  title        = "A very simple and fast way to access and validate algorithms in reproducible research.",
  journal      = "Briefings in Bioinformatics.",
  year         = "2015",
  note         = "Advance Access published July 28, 2015, doi: 10.1093/bib/bbv054"
}

@article{Terai07,
  title  = "miRRim: a novel system to find conserved miRNAs with high sensitivity and specificity",
  author = "Terai, Goro and Komori, Takashi and Asai, Kiyoshi and Kin, Taishin",
  journal="Rna",
  volume = "13",
  number = "12",
  pages  = "2081--2090",
  year   = "2007",
  publisher = "Cold Spring Harbor Lab"
}

@article{Lopes2014,
  title=  "The discriminant power of RNA features for pre-miRNA recognition",
  author= "Lopes, Ivani and Schliep, Alexander and de Carvalho, Andr{\'e} CP de LF",
  journal="BMC bioinformatics",
  volume= "15",
  number= "1",
  pages=  "124",
  year   = "2014",
  publisher="BioMed Central Ltd"
}